% Buchin, Minimizing the 2D maximum interference is NP-Complete
@misc{cite:buchin, 
      title={Minimizing the Maximum Interference is Hard}, 
      author={Kevin Buchin},
      year={2011},
      eprint={0802.2134},
      archivePrefix={arXiv},
}

% Random position nodes bounding
@ARTICLE{cite:durocher,
  author={Khabbazian, Majid and Durocher, Stephane and Haghnegahdar, Alireza and Kuhn, Fabian},
  journal={IEEE/ACM Transactions on Networking}, 
  title={Bounding Interference in Wireless Ad Hoc Networks With Nodes in Random Position}, 
  year={2015},
  volume={23},
  number={4},
  pages={1078-1091},
  keywords={Interference;Minimization;Approximation algorithms;Ad hoc networks;Wireless networks;Topology;Communication graph;interference minimization;topology control;random points;wireless networks},
  doi={10.1109/TNET.2014.2313627}}

% Von Rickenbach root paper. This is the conference version (Short version) 
@INPROCEEDINGS{cite:rickenbach_conference,
  author={von Rickenbach, P. and Schmid, S. and Wattenhofer, R. and Zollinger, A.},
  booktitle={19th IEEE International Parallel and Distributed Processing Symposium}, 
  title={A robust interference model for wireless ad-hoc networks}, 
  year={2005},
  volume={},
  number={},
  pages={8 pp.-},
  keywords={Robustness;Interference;Ad hoc networks;Network topology;Road transportation;Energy consumption;Computer networks;Laboratories;Displays;Algorithm design and analysis},
  doi={10.1109/IPDPS.2005.65}}

% Von Rickenback root article. This is the article version (Long version)
@ARTICLE{cite:rickenbach_article,
  author={von Rickenbach, Pascal and Wattenhofer, Roger and Zollinger, Aaron},
  journal={IEEE/ACM Transactions on Networking}, 
  title={Algorithmic Models of Interference in Wireless Ad Hoc and Sensor Networks}, 
  year={2009},
  volume={17},
  number={1},
  pages={172-185},
  keywords={Wireless sensor networks;Interference;Network topology;Ad hoc networks;Temperature sensors;Biosensors;Energy conservation;Energy consumption;Communication system control;Mobile ad hoc networks;Algorithmic analysis;interference;modeling;network connectivity;network spanners;topology control},
  doi={10.1109/TNET.2008.926506}}

% Earlier model of transmission
@inproceedings{cite:dessmark,
title = {Tradeoffs between knowledge and time of communication in geometric radio networks},
year = {2001},
address = {New York, NY, USA},
booktitle = {ACM Symposium on Parallel Algorithms and Architectures: Proceedings of the thirteenth annual ACM symposium on Parallel algorithms and architectures},
author = {Dessmark, Anders and Pelc, Andrzej},
copyright = {2001 ACM},
isbn = {1581134096},
keywords = {Broadcasting ; Computer systems organization -- Dependable and fault-tolerant systems and networks ; Deterministic ; Distributed ; General and reference -- Cross-computing tools and techniques -- Performance ; Hardware -- Communication hardware, interfaces and storage ; Knowledge ; Mathematics of computing -- Discrete mathematics -- Graph theory -- Network flows ; Networks ; Networks -- Network performance evaluation ; Radio network ; Theory of computation -- Design and analysis of algorithms -- Graph algorithms analysis -- Network flows},
language = {eng},
pages = {59-66},
publisher = {ACM},
}

% Minimizing total interference in asymmetric sensor networks
@article{cite:karim,
title = {Minimizing total interference in asymmetric sensor networks},
journal = {Theoretical Computer Science},
volume = {889},
pages = {171-181},
year = {2021},
issn = {0304-3975},
doi = {https://doi.org/10.1016/j.tcs.2021.08.003},
url = {https://www.sciencedirect.com/science/article/pii/S0304397521004461},
author = {A. Karim Abu-Affash and Paz Carmi and Matthew J. Katz}
}

