% Buchin, Minimizing the 2D maximum interference is NP-Complete
@misc{buchin2011minimizing, 
      title={Minimizing the Maximum Interference is Hard}, 
      author={Kevin Buchin},
      year={2011},
      eprint={0802.2134},
      archivePrefix={arXiv},
      primaryClass={id='cs.NI' full_name='Networking and Internet Architecture' is_active=True alt_name=None in_archive='cs' is_general=False description='Covers all aspects of computer communication networks, including network architecture and design, network protocols, and internetwork standards (like TCP/IP). Also includes topics, such as web caching, that are directly relevant to Internet architecture and performance. Roughly includes all of ACM Subject Class C.2 except C.2.4, which is more likely to have Distributed, Parallel, and Cluster Computing as the primary subject area.'}
}

% Random position nodes bounding
@ARTICLE{6809218,
  author={Khabbazian, Majid and Durocher, Stephane and Haghnegahdar, Alireza and Kuhn, Fabian},
  journal={IEEE/ACM Transactions on Networking}, 
  title={Bounding Interference in Wireless Ad Hoc Networks With Nodes in Random Position}, 
  year={2015},
  volume={23},
  number={4},
  pages={1078-1091},
  keywords={Interference;Minimization;Approximation algorithms;Ad hoc networks;Wireless networks;Topology;Communication graph;interference minimization;topology control;random points;wireless networks},
  doi={10.1109/TNET.2014.2313627}}

% Von Rickenbach root paper. This is the conference version (Short version) 
@INPROCEEDINGS{1420165,
  author={von Rickenbach, P. and Schmid, S. and Wattenhofer, R. and Zollinger, A.},
  booktitle={19th IEEE International Parallel and Distributed Processing Symposium}, 
  title={A robust interference model for wireless ad-hoc networks}, 
  year={2005},
  volume={},
  number={},
  pages={8 pp.-},
  keywords={Robustness;Interference;Ad hoc networks;Network topology;Road transportation;Energy consumption;Computer networks;Laboratories;Displays;Algorithm design and analysis},
  doi={10.1109/IPDPS.2005.65}}

% Von Rickenback root article. This is the article version (Long version)
@ARTICLE{4785365,
  author={von Rickenbach, Pascal and Wattenhofer, Roger and Zollinger, Aaron},
  journal={IEEE/ACM Transactions on Networking}, 
  title={Algorithmic Models of Interference in Wireless Ad Hoc and Sensor Networks}, 
  year={2009},
  volume={17},
  number={1},
  pages={172-185},
  keywords={Wireless sensor networks;Interference;Network topology;Ad hoc networks;Temperature sensors;Biosensors;Energy conservation;Energy consumption;Communication system control;Mobile ad hoc networks;Algorithmic analysis;interference;modeling;network connectivity;network spanners;topology control},
  doi={10.1109/TNET.2008.926506}}

% Earlier model of transmission
@inproceedings{DessmarkAnders2001Tbka,
title = {Tradeoffs between knowledge and time of communication in geometric radio networks},
year = {2001},
address = {New York, NY, USA},
booktitle = {ACM Symposium on Parallel Algorithms and Architectures: Proceedings of the thirteenth annual ACM symposium on Parallel algorithms and architectures},
author = {Dessmark, Anders and Pelc, Andrzej},
copyright = {2001 ACM},
isbn = {1581134096},
keywords = {Broadcasting ; Computer systems organization -- Dependable and fault-tolerant systems and networks ; Deterministic ; Distributed ; General and reference -- Cross-computing tools and techniques -- Performance ; Hardware -- Communication hardware, interfaces and storage ; Knowledge ; Mathematics of computing -- Discrete mathematics -- Graph theory -- Network flows ; Networks ; Networks -- Network performance evaluation ; Radio network ; Theory of computation -- Design and analysis of algorithms -- Graph algorithms analysis -- Network flows},
language = {eng},
pages = {59-66},
publisher = {ACM},
}

